@inproceedings{10.1145/130385.130401,
  author = {Boser, Bernhard E. and Guyon, Isabelle M. and Vapnik, Vladimir N.},
  title = {A Training Algorithm for Optimal Margin Classifiers},
  year = {1992},
  isbn = {089791497X},
  publisher = {Association for Computing Machinery (ACM)},
  address = {New York, NY, USA},
  url = {https://doi.org/10.1145/130385.130401},
  doi = {10.1145/130385.130401},
  booktitle = {Proceedings of the Fifth Annual Workshop on Computational Learning Theory},
  pages = {144–152},
  numpages = {9},
  location = {Pittsburgh, Pennsylvania, USA},
  series = {COLT 92}
}


@inproceedings{Cortes1995,
  author = { Cortes, Corinna and Vapnik, Vladimir},
  title = {Support-vector networks},
  year = {1995},
  isbn = {089791497X},
  publisher = { Kluwer Academic Publishers },
  address = {Boston},
  url = {https://doi.org/10.1007/BF00994018},
  doi = {10.1007/BF00994018},
  booktitle = {Machine Learning},
  pages = {273–297},
  numpages = {20},
  location = {AT\&T Bell Labs., Holmdel, NJ 07733, USA}
}

@INPROCEEDINGS{840634, 
  author={ {Guodong Guo} and S. Z. {Li} and {Kapluk Chan}}, 
  booktitle={Proceedings Fourth IEEE International Conference on Automatic Face and Gesture Recognition (Cat. No. PR00580)},
  title={Face recognition by support vector machines},
  year={2000}, 
  volume={}, 
  number={},
  pages={196-201},
}

@INPROCEEDINGS{1363884, 
  author={L. S. {Oliveira} and R. {Sabourin}}, 
  booktitle={Ninth International Workshop on Frontiers in Handwriting Recognition}, 
  title={Support vector machines for handwritten numerical string recognition}, 
  year={2004}, 
  volume={}, 
  number={}, 
  pages={39-44}
}

@article{HUANG20052513,
  title = "Forecasting stock market movement direction with support vector machine",
  journal = "Computers \& Operations Research",
  volume = "32",
  number = "10",
  pages = "2513 - 2522",
  year = "2005",
  note = "Applications of Neural Networks",
  issn = "0305-0548",
  doi = "https://doi.org/10.1016/j.cor.2004.03.016",
  url = "http://www.sciencedirect.com/science/article/pii/S0305054804000681",
  author = "Wei Huang and Yoshiteru Nakamori and Shou-Yang Wang",
  keywords = "Support vector machine, Forecasting, Multivariate classification",
  abstract = "Support vector machine (SVM) is a very specific type of learning algorithms characterized by the capacity control of the decision function, the use of the kernel functions and the sparsity of the solution. In this paper, we investigate the predictability of financial movement direction with SVM by forecasting the weekly movement direction of NIKKEI 225 index. To evaluate the forecasting ability of SVM, we compare its performance with those of Linear Discriminant Analysis, Quadratic Discriminant Analysis and Elman Backpropagation Neural Networks. The experiment results show that SVM outperforms the other classification methods. Further, we propose a combining model by integrating SVM with the other classification methods. The combining model performs best among all the forecasting methods."
}

@INPROCEEDINGS{788125,
  author={D. {Roobaert} and M. M. {Van Hulle}}, 
  booktitle={Neural Networks for Signal Processing IX: Proceedings of the 1999 IEEE Signal Processing Society Workshop (Cat. No.98TH8468)}, 
  title={View-based 3D object recognition with support vector machines},  
  year={1999},  
  volume={},  number={},  
  pages={77-84},
}

@INPROCEEDINGS{6990940, 
  author={A. {Barghi} and H. {Bayani}},
  booktitle={2014 Second RSI/ISM International Conference on Robotics and Mechatronics (ICRoM)},
  title={Design and impelmentation of a speaker verification system using i-vector and Support Vector Machines},
  year={2014},
  volume={},
  number={},
  pages={434-439},
}

@ARTICLE {criminisi2011,
  author= { A. {Criminisi} and J. {Shotton} and E. {Konukoglu}},
  title= {Decision Forests for Classification, Regression, Density Estimation, Manifold Learning and Semi-Supervised Learning},
  journal = {Microsoft Research technical report},
  year={2011},
}

@INPROCEEDINGS{trevor,
  author={Trevor {Hastie} and Robert {Tibshirani} and Jerome {Friedman}},
  title={The Elements of statistical Learning},
  booktitle={Data Mining, Inference, and Prediction},
  publishers={Springer Series in Statistics},
}

@ARTICLE{jose,
  author = {JOSE ALEJANDRO LOPEZ GONZALEZ},
  title = {EXPLORATION DES ARBRES DE DÉCISION ET DES SUPPORT VECTOR MACHINES EN VUE D'APPLICATIONS DANS L'ANALYSE DE TEXTE},
  university = {UNIVERSITÉ DU QUÉBEC À TROIS-RIVIÈRES},
}

@ARTICLE{benjamin2005,
  author = {Benjamin {Devéze} and Matthieu {Fouquin}},
  title = {DATAMINING C4.5-DBSCAN},
  university = {SCIA Ecole pour l’informatique et techniques avancées},
  year = {2005},
}

@ARTICLE{vandamme2006,
  author = {Jean Philippe {Vandamme} and Nadine{Meskens} and Juan-Francisco
{Sperby}},
  title = {Evaluation du risque d'échec des étudiants de première année
universitaire selon leur profil},
  booktitle = {Reflets et perspectives de la vie économique},
  pages ={39-46}
}

@ARTICLE{yanyan,
  author = {Yan-yan {Song} and Ying {Lu}},
  title = {Decision tree methods: applications for classification and
prediction},
  year = {2015},
  issn = {1002-0829},
  doi = {http://dx.doi.org/10.11919/j.issn.1002-0829.215044}
  journal = {Shanghai Archives of Psychiatry},
  pages = {130-135}
}

@ARTICLE{
  author = {Lawrence 0. {Hall} and Nitesh {Chawla} and Kevin W. {Bowyer}},
  title = {Decision Tree Learning on Very Large Data Sets},
  journal = {Systems, Man, and Cybernetics}
}

@ARTICLE{quinlanc45,
  author = {J.R. Quinlan},
  title = {C4.5: Programs for Machine Learning},
  publishers = {Morgan Kaufmann Publishers},
  year = {1993}
}

@ARTICLE{quinlaninduction,
  author = {J.R. Quinlan},
  title = {Induction of decision trees},
  journal = {Machine Learning},
  publlishers = {Kluwer Academic Publishers, Boston},
  pages = {81-106}
}

@ARTICLE{pradaig,
  author = {Padraig {Cunningham} and Sarah {Delany}},
  title = {K-nearest neighbour classifiers},
  journal = {UCD-CSI},
  year = {04-2007},
  url = {https://www.researchgate.net/publication/228686398_k-Nearest_neighbour_classifiers?enrichId=rgreq-f5ff831627292ffb75111d41bf27d281-XXX&enrichSource=Y292ZXJQYWdlOzIyODY4NjM5ODtBUzo5NzQ4MzYxNTExMzIxNkAxNDAwMjUzMzEzNjM0&el=1_x_2&_esc=publicationCoverPdf}
}

@inproceedings{reglementfin,
  title = {Réglementation des relations financières extérieures des Etats
membres de l'UEMOA},
  booktitle = {Recueil des textes légaux et réglementaires régissant l'activité
bancaire et financière dans l'union monétaire Ouest Africaine},
  year = {04-2016}
}

@inproceedings{reglementaml,
  title = {Lutte contre le blanchiment de capitaux et le financement du
terrorisme},
   booktitle = {Recueil des textes légaux et réglementaires régissant l'activité
bancaire et financière dans l'union monétaire Ouest Africaine},
  year = {04-2018}
} 
