@Misc{zestedesavoir,
  author =       {Melepe},
  title =        {Un peu de machine learning avec les SVM},
  howpublished = {https://zestedesavoir.com/tutoriels/1760/un-peu-de-machine-learning-avec-les-svm},
  year =         {Mis à jour le 15 février 2020, consulté le 19 février 2020},
}

@Misc{openclassroom,
  author =       {Yannis Chaouche},
  title =        {Initiez-vous au Machine Learning},
  howpublished = {https://openclassrooms.com/fr/courses/4011851-initiez-vous-au-machine-learning},
  year =         {Mis à jour le 13 février 2020, consulté le 19 février 2020},
}

@ARTICLE{datascientist,
  author =       {Younes Benzaki},
  title =        {Data-scientist: Du rêve à la réalité},
}

@Misc{mediumPeter,
  author = {Peter {Pan}},
  howpublished =
{https://medium.com/intuitive-machine-learning/decision-trees-concepts-with-iris-dataset--304648b961f5}
  year = {Consulter le 07-04-2019}
}

@ARTICLE{arnaud2015,
  author = {Arnaud {Chneiweiss} and Maud {Schnunt}},
  title = {Compliance, une illusion dangereuse},
  booktitle = {Risque 102},
  isbn ={978-2-35588-067-4},
  year={Juin 2015}
}

@Misc{nagesh2019,
  author = {Nagesh Singh {Chauhan}},
  title = {Classifying Heart Disease Using K-Nearest Neighbors},
  publishers = {towards data science},
  year = {07-2019}
}
